@article{gelle2008fast,
  title={Fast calculation of the electrostatic potential in ionic crystals by direct summation method},
  author={Gell{\'e}, Alain and Lepetit, Marie-Bernadette},
  journal={The Journal of chemical physics},
  volume={128},
  number={24},
  pages={244716},
  year={2008},
  publisher={American Institute of Physics}
}
@article{varignon2013ab,
	title={An ab initio study of magneto-electric coupling of YMnO3},
	author={Varignon, J and Petit, S and Gell{\'e}, A and Lepetit, MB},
	journal={Journal of Physics: Condensed Matter},
	volume={25},
	number={49},
	pages={496004},
	year={2013},
	publisher={IOP Publishing}
}